@article{London1937,
  author       = {London, F.},
  publisher    = {The Royal Society of Chemistry},
  date         = {1937},
  doi          = {10.1039/TF937330008B},
  journal = {Trans. Faraday Soc.},
  pages        = {8b--26},
  title        = {The general theory of molecular forces},
  volume       = {33},
}

@article{LebedevLaikov1999,
  author       = {Lebedev, V. I. and Laikov, D. N.},
  date         = {1999},
  journal = {Dokl. Math.},
  pages        = {477-481},
  title        = {A quadrature formula for the sphere of the 131st algebraic order of accuracy},
  volume       = {59},
  number       = {3},
}

@article{Hao2018,
  author       = {Hao, Hongxia and Shee, James and Upadhyay, Shiv and Ataca, Can and Jordan, Kenneth D. and Rubenstein, Brenda M.},
  date         = {2018},
  doi          = {10.1021/acs.jpclett.8b02733},
  journal = {J. Phys. Chem. Lett.},
  number       = {21},
  pages        = {6185--6190},
  title        = {Accurate Predictions of Electron Binding Energies of Dipole-Bound Anions via Quantum Monte Carlo Methods},
  volume       = {9},
}

@article{Stein2016,
  author       = {Stein, Christopher J. and Reiher, Markus},
  date         = {2016},
  doi          = {10.1021/acs.jctc.6b00156},
  journal = {J. Chem. Theory Comput.},
  number       = {4},
  pages        = {1760--1771},
  title        = {Automated Selection of Active Orbital Spaces},
  volume       = {12},
}

@article{Bao2018,
  author       = {Bao, Jie J. and Dong, Sijia S. and Gagliardi, Laura and Truhlar, Donald G.},
  date         = {2018},
  doi          = {10.1021/acs.jctc.8b00032},
  journal = {J. Chem. Theory Comput.},
  number       = {4},
  pages        = {2017--2025},
  title        = {Automatic Selection of an Active Space for Calculating Electronic Excitation Spectra by MS-CASPT2 or MC-PDFT},
  volume       = {14},
}

@article{Voora2017,
  author       = {Voora, Vamsee K. and Kairalapova, Arailym and Sommerfeld, Thomas and Jordan, Kenneth D.},
  date         = {2017},
  doi          = {10.1063/1.4991497},
  journal = {J. Chem. Phys.},
  number       = {21},
  pages        = {214114},
  title        = {Theoretical approaches for treating non-valence correlation-bound anions},
  volume       = {147},
}

@article{Gutowski98,
  author       = {Gutowski, Maciej and Jordan, Kenneth D. and Skurski, Piotr},
  date         = {1998},
  doi          = {10.1021/jp980123u},
  journal = {J. Phys. Chem. A},
  number       = {15},
  pages        = {2624--2633},
  title        = {Electronic Structure of Dipole-Bound Anions},
  volume       = {102},
}

@article{Gutowski97,
  author       = {Gutowski, Maciej and Skurski, Piotr},
  date         = {1997},
  doi          = {10.1021/jp972600z},
  journal = {J. Phys. Chem. B},
  number       = {45},
  pages        = {9143--9146},
  title        = {Dispersion Stabilization of Solvated Electrons and Dipole-Bound Anions},
  volume       = {101},
}

@inbook{Gasperich2017,
  author    = {Gasperich, Kevin and Jordan, Kenneth D.},
  booktitle = {Recent Progress in Quantum Monte Carlo},
  chapter   = {7},
  doi       = {10.1021/bk-2016-1234.ch007},
  pages     = {107--117},
  title     = {Diffusion Monte Carlo Study of the Parallel Displaced Form of the Benzene Dimer},
}

@article{Voora2013,
  author       = {Voora, Vamsee K. and Cederbaum, Lorenz S. and Jordan, Kenneth D.},
  date         = {2013},
  doi          = {10.1021/jz400195s},
  journal = {J. Phys. Chem. Lett.},
  number       = {6},
  pages        = {849--853},
  title        = {Existence of a Correlation Bound s-Type Anion State of C60},
  volume       = {4},
}

@article{Voora2014,
  author       = {Voora, Vamsee K. and Jordan, Kenneth D.},
  date         = {2014},
  doi          = {10.1021/nl5016574},
  journal = {Nano Lett.},
  number       = {8},
  pages        = {4602--4606},
  title        = {Nonvalence Correlation-Bound Anion States of Spherical Fullerenes},
  volume       = {14}
}

@article{Ard_Stepanian_CPL_2009,
title = "Rotational states of dipole-bound anions of hydrogen cyanide",
journal = "Chem. Phys. Lett.",
volume = "473",
number = "4",
pages = "223 - 226",
year = "2009",
issn = "0009-2614",
author = "S. Ard and W.R. Garrett and R.N. Compton and L. Adamowicz and S.G. Stepanian"
}

@article{Barnett_JCP_1988,
author = {Barnett,R. N.  and Landman,Uzi  and Cleveland,C. L.  and Jortner,Joshua },
title = {Electron localization in water clusters. II. Surface and internal states},
journal = {J. Chem. Phys.},
volume = {88},
number = {7},
pages = {4429-4447},
year = {1988}
}

@article{Compton_JCP_1996,
author = {Compton,R. N.  and Carman,H. S.  and Desfrançois,C.  and Abdoul‐Carime,H.  and Schermann,J. P.  and Hendricks,J. H.  and Lyapustina,S. A.  and Bowen,K. H. },
title = {On the binding of electrons to nitromethane: Dipole and valence bound anions},
journal = {J. Chem. Phys.},
volume = {105},
number = {9},
pages = {3472-3478},
year = {1996}   
}

@article{Crawford_ProcPhysSoc_1967,
	year = 1967,
	month = {jun},
	publisher = {{IOP} Publishing},
	volume = {91},
	number = {2},
	pages = {279--284},
	author = {O H Crawford},
	title = {Bound states of a charged particle in a dipole field},
	journal = {Proc. Phys. Soc., London}
}

@article{Desfrancois_JCP_1996,
author = {Desfran{\c{c}}ois,C.  and Abdoul‐Carime,H.  and Schermann,J. P. },
title = {Electron attachment to isolated nucleic acid bases},
journal = {J. Chem. Phys.},
volume = {104},
number = {19},
pages = {7792-7794},
year = {1996}
}

@article{Desfrancois_JPCA_1998,
author = {Desfrançois, C. and Periquet, V. and Bouteiller, Y. and Schermann, J. P.},
title = {Valence and Dipole Binding of Electrons to Uracil},
journal = {J. Phys. Chem. A},
volume = {102},
number = {8},
pages = {1274-1278},
year = {1998}
}

@article{Desfrancois_PRA_1995,
  title = {Determination of electron binding energies of ground-state dipole-bound molecular anions},
  author = {Desfran{\c{c}}ois, C.},
  journal = {Phys. Rev. A},
  volume = {51},
  issue = {5},
  pages = {3667--3675},
  numpages = {0},
  year = {1995},
  month = {May}
}

@article{Desfrancois_Schermann_PRL_1994,
  title = {From $\frac{1}{r}$ to $\frac{1}{{r}^{2}}$ Potentials: Electron Exchange between Rydberg Atoms and Polar Molecules},
  author = {Desfran\c{c}ois, C. and Abdoul-Carime, H. and Khelifa, N. and Schermann, J. P.},
  journal = {Phys. Rev. Lett.},
  volume = {73},
  issue = {18},
  pages = {2436--2439},
  numpages = {0},
  year = {1994},
  month = {Oct}
}

@article{Dunning_JCP_1989,
author = {Dunning,Thom H. },
title = {Gaussian basis sets for use in correlated molecular calculations. I. The atoms boron through neon and hydrogen},
journal = {J. Chem. Phys.},
volume = {90},
number = {2},
pages = {1007-1023},
year = {1989},
doi = {10.1063/1.456153}
}

@article{Fermi_Teller_PhysRev_1947,
  title = {The Capture of Negative Mesotrons in Matter},
  author = {Fermi, E. and Teller, E.},
  journal = {Phys. Rev.},
  volume = {72},
  issue = {5},
  pages = {399--408},
  numpages = {0},
  year = {1947},
  month = {Sep},
  publisher = {American Physical Society},
  doi = {10.1103/PhysRev.72.399}
}

@article{Frisch_Head-Gordan_CPL_1990,
title = "A direct MP2 gradient method",
journal = "Chem. Phys. Lett.",
volume = "166",
number = "3",
pages = "275 - 280",
year = "1990",
issn = "0009-2614",
doi = "10.1016/0009-2614(90)80029-D",
author = "Michael J. Frisch and Martin Head-Gordon and John A. Pople"
}

@article{Frisch_Head-Gordan_CPL_1990_2,
title = "Semi-direct algorithms for the MP2 energy and gradient",
journal = "Chem. Phys. Lett.",
volume = "166",
number = "3",
pages = "281 - 289",
year = "1990",
issn = "0009-2614",
doi = "10.1016/0009-2614(90)80030-H",
author = "Michael J. Frisch and Martin Head-Gordon and John A. Pople"
}

@article{Simons_JPCA_2008,
author = {Simons, Jack},
title = {Molecular Anions},
journal = {J. Phys. Chem. A},
volume = {112},
number = {29},
pages = {6401-6511},
year = {2008},
doi = {10.1021/jp711490b}
}

@article{Jordan_Wang_Ann_Rev_2003,
author = {Jordan, Kenneth D. and Wang, Feng},
title = {Theory of Dipole-Bound Anions},
journal = {Annu. Rev. Phys. Chem.},
volume = {54},
number = {1},
pages = {367-396},
year = {2003},
doi = {10.1146/annurev.physchem.54.011002.103851}
}

@article{Jordan_Luken_JCP_1976,
author = {Jordan,K. D.  and Luken,W. },
title = {Theoretical study of the binding of an electron to a molecular dipole: LiCl-},
journal = {J. Chem. Phys.},
volume = {64},
number = {7},
pages = {2760-2766},
year = {1976},
doi = {10.1063/1.432599}
}

@article{Gutowski_Jordan_PRA_1996,
  title = {Contribution of electron correlation to the stability of dipole-bound anionic states},
  author = {Gutowski, Maciej and Skurski, Piotr and Boldyrev, Alexander I. and Simons, Jack and Jordan, Kenneth D.},
  journal = {Phys. Rev. A},
  volume = {54},
  issue = {3},
  pages = {1906--1909},
  numpages = {0},
  year = {1996},
  month = {Sep},
  publisher = {American Physical Society},
  doi = {10.1103/PhysRevA.54.1906}
}

@article{Turner_Anderson_PhysRev_1968,
  title = {Ground-State Energy Eigenvalues and Eigenfunctions for an Electron in an Electric-Dipole Field},
  author = {Turner, J. E. and Anderson, V. E. and Fox, Kenneth},
  journal = {Phys. Rev.},
  volume = {174},
  issue = {1},
  pages = {81--89},
  numpages = {0},
  year = {1968},
  month = {Oct},
  publisher = {American Physical Society},
  doi = {10.1103/PhysRev.174.81}
}

@article{Garrett_CPL_1970,
title = "Critical binding of an electron to a non-stationary electric dipole",
journal = "Chem. Phys. Lett.",
volume = "5",
number = "7",
pages = "393 - 397",
year = "1970",
issn = "0009-2614",
doi = "10.1016/0009-2614(70)80045-8",
author = "W.R. Garrett"
}

@article{Garrett_PRA_1971,
  title = {Critical Binding of an Electron to a Rotationally Excited Dipolar System},
  author = {Garrett, W. R.},
  journal = {Phys. Rev. A},
  volume = {3},
  issue = {3},
  pages = {961--972},
  numpages = {0},
  year = {1971},
  month = {Mar},
  publisher = {American Physical Society},
  doi = {10.1103/PhysRevA.3.961}
}

@article{Lykke_PRL_1984,
  title = {Observation of Dipole-Bound States of Negative Ions},
  author = {Lykke, Keith R. and Mead, Roy D. and Lineberger, W. C.},
  journal = {Phys. Rev. Lett.},
  volume = {52},
  issue = {25},
  pages = {2221--2224},
  year = {1984},
  month = {Jun},
  publisher = {American Physical Society},
  doi = {10.1103/PhysRevLett.52.2221}
}

@article{Hendricks_JCP_1998,
author = {Hendricks,J. H.  and Lyapustina,S. A.  and de Clercq,H. L.  and Bowen,K. H. },
title = {The dipole bound-to-covalent anion transformation in uracil},
journal = {J. Chem. Phys.},
volume = {108},
number = {1},
pages = {8-11},
year = {1998},
doi = {10.1063/1.475360}
}

@article{Moller_Plesset_PR_1934,
  title = {Note on an Approximation Treatment for Many-Electron Systems},
  author = {M{\o}ller, Chr. and Plesset, M. S.},
  journal = {Phys. Rev.},
  volume = {46},
  issue = {7},
  pages = {618--622},
  numpages = {0},
  year = {1934},
  month = {Oct},
  publisher = {American Physical Society},
  doi = {10.1103/PhysRev.46.618}
}

@article{Gottlieb_Oswald_JCP_1993,
author = {Gottlieb,C. A.  and Killian,T. C.  and Thaddeus,P.  and Botschwina,P.  and Flügge,J.  and Oswald,M. },
title = {Structure of propadienylidene, H$_2$CCC},
journal = {J. Chem. Phys.},
volume = {98},
number = {6},
pages = {4478-4485},
year = {1993},
doi = {10.1063/1.465007}
}

@article{Hammer_Jordan_JCP_2004,
author = {Hammer,Nathan I.  and Hinde,Robert J.  and Compton,Robert N.  and Diri,Kadir  and Jordan,Kenneth D.  and Radisic,Dunja  and Stokes,Sarah T.  and Bowen,Kit H. },
title = {Dipole-bound anions of highly polar molecules: Ethylene carbonate and vinylene carbonate},
journal = {J. Chem. Phys.},
volume = {120},
number = {2},
pages = {685-690},
year = {2004},
doi = {10.1063/1.1629669}
}

@article{Head-Gordan_CPL_1994,
title = "Analytic MP2 frequencies without fifth-order storage. Theory and application to bifurcated hydrogen bonds in the water hexamer",
journal = "Chem. Phys. Lett.",
volume = "220",
number = "1",
pages = "122 - 128",
year = "1994",
doi = "10.1016/0009-2614(94)00116-2"
}

@article{Head-Gordan_Pople_CPL_1988,
title = "MP2 energy evaluation by direct methods",
journal = "Chem. Phys. Lett.",
volume = "153",
number = "6",
pages = "503 - 506",
year = "1988",
issn = "0009-2614",
author = "Martin Head-Gordon and John A. Pople and Michael J. Frisch"
}

@article{Kendall_JCP_1992,
author = {Kendall,Rick A.  and Dunning,Thom H.  and Harrison,Robert J. },
title = {Electron affinities of the first‐row atoms revisited. Systematic basis sets and wave functions},
journal = {J. Chem. Phys.},
volume = {96},
number = {9},
pages = {6796-6806},
year = {1992},
doi = {10.1063/1.462569}
}

@article{Saebo_CPL_1989,
title = "Avoiding the integral storage bottleneck in LCAO calculations of electron correlation",
journal = "Chem. Phys. Lett.",
volume = "154",
number = "1",
pages = "83 - 89",
year = "1989",
issn = "0009-2614",
doi = "10.1016/0009-2614(89)87442-1",
author = "Svein S{\ae}b{\o} and Jan Alml{\"o}f"
}

@article{Yokoyama_Gutowski_JCP_1996,
author = {Yokoyama,K.  and Leach,Gary W.  and Kim,Joseph B.  and Lineberger,W. C.  and Boldyrev,A. I.  and Gutowski,M. },
title = {Autodetachment spectroscopy and dynamics of vibrationally excited dipole-bound states of H2CCC--},
journal = {J. Chem. Phys.},
volume = {105},
number = {24},
pages = {10706-10718},
year = {1996},
doi = {10.1063/1.472879}
}

@Book{ database_dipole_moment,
author = { Nelson, Ralph D. and Lide, David R. and Maryott, Arthur A. and United States. },
title = { Selected values of electric dipole moments for molecules in the gas phase [electronic resource] / Ralph D. Nelson, Jr., and David R. Lide, Jr., and Arthur A. Maryott },
publisher = { U.S. Dept. of Commerce, National Bureau of Standards : For sale by the Supt. of Docs., U.S. G.P.O Washington, D.C },
pages = { v, 49 p. ; },
year = { 1967 }
}

@article{Zhang2003,
  title = {Quantum Monte Carlo Method using Phase-Free Random Walks with Slater Determinants},
  author = {Zhang, Shiwei and Krakauer, Henry},
  journal = {Phys. Rev. Lett.},
  volume = {90},
  issue = {13},
  pages = {136401},
  numpages = {4},
  year = {2003},
  month = {Apr},
  publisher = {American Physical Society},
  doi = {10.1103/PhysRevLett.90.136401},
}


@article{Zhang1995,
  title = {Constrained Path Quantum Monte Carlo Method for Fermion Ground States},
  author = {Zhang, Shiwei and Carlson, J. and Gubernatis, J. E.},
  journal = {Phys. Rev. Lett.},
  volume = {74},
  issue = {18},
  pages = {3652--3655},
  numpages = {0},
  year = {1995},
  month = {May},
  publisher = {American Physical Society},
  doi = {10.1103/PhysRevLett.74.3652},
}


@incollection{Toulouse2016,
title = "Chapter Fifteen - Introduction to the Variational and Diffusion Monte Carlo Methods",
editor = "Philip E. Hoggan and Telhat Ozdogan",
series = "Advances in Quantum Chemistry",
publisher = "Academic Press",
volume = "73",
pages = "285 - 314",
year = "2016",
booktitle = "Electron Correlation in Molecules – ab initio Beyond Gaussian Quantum Chemistry",
issn = "0065-3276",
doi = "10.1016/bs.aiq.2015.07.003",
author = "Julien Toulouse and Roland Assaraf and Cyrus J. Umrigar"
}

@article{Foulkes2001,
  title = {Quantum Monte Carlo simulations of solids},
  author = {Foulkes, W. M. C. and Mitas, L. and Needs, R. J. and Rajagopal, G.},
  journal = {Rev. Mod. Phys.},
  volume = {73},
  issue = {1},
  pages = {33--83},
  numpages = {0},
  year = {2001},
  month = {Jan},
  publisher = {American Physical Society},
  doi = {10.1103/RevModPhys.73.33}
}


@article{Mayer1994,
title = "A full-CI investigation into the BSSE problem",
journal = "Chem. Phys. Lett.",
volume = "224",
number = "1",
pages = "166 - 174",
year = "1994",
issn = "0009-2614",
doi = "doi.org/10.1016/0009-2614(94)00523-0",
author = "I. Mayer and {\'A}. Vib{\'o}k and P. Valiron"
}

@article{Anderson2003,
author = {Mella,Massimo  and Anderson,James B. },
title = {Intermolecular forces and fixed-node diffusion Monte Carlo: A brute force test of accuracies for He2 and He--LiH},
journal = {J. Chem. Phys.},
volume = {119},
number = {16},
pages = {8225-8228},
year = {2003},
doi = {10.1063/1.1612479}
}

@article{Voora20142,
author = {Voora, Vamsee K. and Jordan, Kenneth D.},
title = {Nonvalence Correlation-Bound Anion State of C6F6: Doorway to Low-Energy Electron Capture},
journal = {J. Phys. Chem. A},
volume = {118},
number = {35},
pages = {7201-7205},
year = {2014},
doi = {10.1021/jp408386f}
}

@article{woon1994,
author = {Woon,David E.  and Dunning,Thom H. },
title = {Gaussian basis sets for use in correlated molecular calculations. IV. Calculation of static electrical response properties},
journal = {J. Chem. Phys.},
volume = {100},
number = {4},
pages = {2975-2988},
year = {1994},
doi = {10.1063/1.466439}
}

@article{CC5,
  title = {Correlation Problems in Atomic and Molecular Systems. IV. Extended Coupled-Pair Many-Electron Theory and Its Application to the B${\mathrm{H}}_{3}$ Molecule},
  author = {Paldus, J. and {\u{C}}{\'i}{\u{z}}ek, J. and Shavitt, I.},
  journal = {Phys. Rev. A},
  volume = {5},
  issue = {1},
  pages = {50--67},
  numpages = {0},
  year = {1972},
  month = {Jan},
  publisher = {American Physical Society},
  doi = {10.1103/PhysRevA.5.50}
}

@article{CC1,
title = "Bound states of a many-particle system",
journal = "Nucl. Phys.",
volume = "7",
pages = "421 - 424",
year = "1958",
issn = "0029-5582",
doi = "10.1016/0029-5582(58)90280-3",
author = "F. Coester"
}
@article{CC2,
title = "Short-range correlations in nuclear wave functions",
journal = "Nucl. Phys.",
volume = "17",
pages = "477 - 485",
year = "1960",
issn = "0029-5582",
doi = "10.1016/0029-5582(60)90140-1",
author = "F. Coester and H. K{\"u}mmel"
}

@article{CC3,
author = {{\u{C}}{\'i}{\u{z}}ek,Ji{\u{r}}{\'i} },
title = {On the Correlation Problem in Atomic and Molecular Systems. Calculation of Wavefunction Components in Ursell‐Type Expansion Using Quantum‐Field Theoretical Methods},
journal = {J. Chem. Phys.},
volume = {45},
number = {11},
pages = {4256-4266},
year = {1966},
doi = {10.1063/1.1727484}
}

@article{CC4,
author = {{\u{C}}{\'i}{\u{z}}ek, J. and Paldus, J.},
title = {Correlation problems in atomic and molecular systems III. Rederivation of the coupled-pair many-electron theory using the traditional quantum chemical methods},
journal = {Int. J. Quantum Chem.},
volume = {5},
number = {4},
pages = {359-379},
doi = {10.1002/qua.560050402},
year = {1971}
}

@article{CC6,
author = {Purvis,George D.  and Bartlett,Rodney J. },
title = {A full coupled‐cluster singles and doubles model: The inclusion of disconnected triples},
journal = {J. Chem. Phys.},
volume = {76},
number = {4},
pages = {1910-1918},
year = {1982},
doi = {10.1063/1.443164}
}

@string{molpro_address="Cardiff, UK"}
@string{molpro_url="\url{https://www.molpro.net}"}

@article{MOLPRO-WIREs,
author = {Werner, H.-J. and Knowles, P. J. and Knizia, G. and Manby, F. R. and Sch{\"u}tz, M.},
title = {{Molpro: a general-purpose quantum chemistry program package}},
journal = {WIREs Comput. Mol. Sci.},
year = {2012},
volume = {2},
pages = {242--253},
}

@misc{MOLPRO,
title={MOLPRO, version 2019.2, a package of ab initio programs},
author={
H.-J. Werner and
P. J. Knowles and
G. Knizia and
F. R. Manby and
M. {Sch\"{u}tz} and
P. Celani and
W. Gy\"orffy and
D. Kats and
T. Korona and
R. Lindh and
A. Mitrushenkov and
G. Rauhut and
K. R. Shamasundar and
T. B. Adler and
R. D. Amos and
S. J. Bennie and
A. Bernhardsson and
A. Berning and
D. L. Cooper and
M. J. O. Deegan and
A. J. Dobbyn and
F. Eckert and
E. Goll and
C. Hampel and
A. Hesselmann and
G. Hetzer and
T. Hrenar and
G. Jansen and
C. K\"oppl and
S. J. R. Lee and
Y. Liu and
A. W. Lloyd and
Q. Ma and
R. A. Mata and
A. J. May and
S. J. McNicholas and
W. Meyer and
T. F. {Miller III} and
M. E. Mura and
A. Nicklass and
D. P. O'Neill and
P. Palmieri and
D. Peng and
K. Pfl\"uger and
R. Pitzer and
M. Reiher and
T. Shiozaki and
H. Stoll and
A. J. Stone and
R. Tarroni and
T. Thorsteinsson and
M. Wang and
M. Welborn
},
note={see }#molpro_url,
address=molpro_address,
year=2019,
}

@misc{MRCC,
title={Mrcc,  a  quantum  chemical  program  suite},
author={
  M.  K{\'a}llay and
  P. R. Nagy and
  Z. Rolik and
  D. Mester and
  G. Samu and 
  J. Csontos and 
  J. Cs{\'o}ka and 
  B. P. Szab{\'o} and 
  L. Gyevi-Nagy and 
  I. Ladj{\'a}nszki and 
  L. Szegedy and 
  B. Lad{\'o}czki and 
  K. Petrov and 
  M. Farkas and 
  P. D. Mezei and 
  and B. H{\'e}gely.
},
note={See also Z. Rolik, L. Szegedy, I. Ladj{\'a}nszki, B.Lad{\'o}czki, and M. K{\'a}llay, {\textit{J. Chem. Phys.}} {\textbf{2013}} {\textit{139}}, 094105 , as well as: {\url{www.mrcc.hu}}.}
}

@article{CCSDpT,
title = "A fifth-order perturbation comparison of electron correlation theories",
journal = "Chem. Phys. Lett.",
volume = "157",
number = "6",
pages = "479 - 483",
year = "1989",
issn = "0009-2614",
doi = "10.1016/S0009-2614(89)87395-6",
author = "Krishnan Raghavachari and Gary W. Trucks and John A. Pople and Martin Head-Gordon"
}

@article{Needs_JPCM_2010,
	doi = {10.1088/0953-8984/22/2/023201},
	year = 2009,
	month = {dec},
	publisher = {{IOP} Publishing},
	volume = {22},
	number = {2},
	pages = {023201},
	author = {R J Needs and M D Towler and N D Drummond and P L{\'{o}}pez R{\'{\i}}os},
	title = {Continuum variational and diffusion quantum Monte Carlo calculations},
	journal = {J. Phys.: Condens. Matter}
}

@article{GAMESS1,
author = {Schmidt, Michael W. and Baldridge, Kim K. and Boatz, Jerry A. and Elbert, Steven T. and Gordon, Mark S. and Jensen, Jan H. and Koseki, Shiro and Matsunaga, Nikita and Nguyen, Kiet A. and Su, Shujun and Windus, Theresa L. and Dupuis, Michel and Montgomery Jr, John A.},
title = {General atomic and molecular electronic structure system},
journal = {J. Comput. Chem.},
volume = {14},
number = {11},
pages = {1347-1363},
doi = {10.1002/jcc.540141112},
year = {1993}
}

@incollection{GAMESS2,
title = "Chapter 41 - Advances in electronic structure theory: GAMESS a decade later",
editor = "Clifford E. Dykstra and Gernot Frenking and Kwang S. Kim and Gustavo E. Scuseria",
booktitle = "Theory and Applications of Computational Chemistry",
publisher = "Elsevier",
address = "Amsterdam",
pages = "1167 - 1189",
year = "2005",
isbn = "978-0-444-51719-7",
doi = "10.1016/B978-044451719-7/50084-6",
author = "Mark S. Gordon and Michael W. Schmidt"
}

@misc{CFOUR,

	Author = {J. F. Stanton and J. Gauss and L. Cheng and M. E. Harding and D. A. Matthews and P. G. Szalay},
	Note = {{W}ith contributions from {A}.{A}. {A}uer, {R}.{J}. {B}artlett, {U}. {B}enedikt, {C}. {B}erger,
        {D}.{E}. {B}ernholdt, {Y}.{J}. {B}omble, {O}. {C}hristiansen, {F}. Engel, {R}. Faber, {M}. {H}eckert,
        {O}. {H}eun, {M}. Hilgenberg, {C}. {H}uber, {T}.-{C}. {J}agau, {D}. {J}onsson, {J}. {J}us{\'e}lius, 
        {T}. Kirsch, {K}. {K}lein, {W}.{J}. {L}auderdale, {F}. {L}ipparini, {T}. {M}etzroth, {L}.{A}. {M}{\"u}ck,
        {D}.{P}. {O}'{N}eill, {D}.{R}. {P}rice, {E}. {P}rochnow, {C}. {P}uzzarini, {K}. {R}uud, {F}. {S}chiffmann,
        {W}. {S}chwalbach, {C}. {S}immons, {S}. {S}topkowicz, {A}. {T}ajti, {J}. {V}{\'a}zquez, {F}. {W}ang, {J}.{D}. {W}atts
        and the integral packages {MOLECULE} ({J}. {A}lml{\"o}f and {P}.{R}. {T}aylor), {PROPS} ({P}.{R}. {T}aylor),
        {ABACUS} ({T}. {H}elgaker, {H}.{J}. {A}a. {J}ensen, {P}. {J}{\o}rgensen, and {J}. {O}lsen),
        and {ECP} routines by {A}. {V}. {M}itin and {C}. van {W}{\"u}llen. {F}or the current version, see \url{http://www.cfour.de}.},
	Title = {{CFOUR, Coupled-Cluster techniques for Computational Chemistry, a quantum-chemical program package}}}


@article{Matthews2016,
author = {Matthews,Devin A.  and Stanton,John F. },
title = {A new approach to approximate equation-of-motion coupled cluster with triple excitations},
journal = {J. Chem. Phys.},
volume = {145},
number = {12},
pages = {124102},
year = {2016},
doi = {10.1063/1.4962910}
}

@article{EOMCC,
author = {Stanton,John F.  and Bartlett,Rodney J. },
title = {The equation of motion coupled‐cluster method. A systematic biorthogonal approach to molecular excitation energies, transition probabilities, and excited state properties},
journal = {J. Chem. Phys.},
volume = {98},
number = {9},
pages = {7029-7039},
year = {1993},
doi = {10.1063/1.464746}
}

@article {Trotter,
    AUTHOR = {Trotter, H. F.},
     TITLE = {On the product of semi-groups of operators},
   JOURNAL = {Proc. Amer. Math. Soc.},
    VOLUME = {10},
      YEAR = {1959},
     PAGES = {545--551},
      ISSN = {0002-9939},
       DOI = {10.2307/2033649}
}

@Article{Suzuki,
author="Suzuki, Masuo",
title="Generalized Trotter's formula and systematic approximants of exponential operators and inner derivations with applications to many-body problems",
journal="Comm. Math. Phys.",
year="1976",
month="Jun",
day="01",
volume="51",
number="2",
pages="183--190",
issn="1432-0916",
doi="10.1007/BF01609348"
}
